@manual{soft:GRASS,
    title = {Geographic Resources Analysis Support System (GRASS GIS) Software, Version 7.4
    },
    author = {{GRASS Development Team}},
    organization = {Open Source Geospatial Foundation},
    year = {2017},
    url = {http://grass.osgeo.org},
}

@manual{data:ASTER,
    title = {ASTER Level~1 Precision Terrain Corrected Registered At-Sensor Radiance. Version~3},
    author = {{NASA LP DAAC}},
    organization = {\href{https://lpdaac.usgs.gov}{NASA EOSDIS Land Processes DAAC, USGS Earth Resources Observation and Science (EROS) Center}},
    address = {Sioux Falls, South Dakota},
    year = {2015},
    url = {http://dx.doi.org/10.5067/ASTER/AST_L1T.003},
    urldate = {2018-07-21},
}


