@manual{soft:GRASS,
    title = {Geographic Resources Analysis Support System (GRASS GIS) Software, Version 7.4
    },
    author = {{GRASS Development Team}},
    organization = {Open Source Geospatial Foundation},
    year = {2018},
    url = {http://grass.osgeo.org},
}

@manual{soft:QGIS,
    title = {QGIS Geographic Information System, Version 2.18},
    author = {{QGIS Development Team}},
    organization = {Open Source Geospatial Foundation},
    year = {2018},
    url = {http://qgis.osgeo.org},
}

@manual{soft:SCP,
	title = {Semi-Automatic Classification Plugin Documentation},
	author = {Congedo, Luca},
	year = {2016},
	doi = {10.13140/RG.2.2.29474.02242/1},
}


@manual{data:ASTER,
    title = {ASTER Level~1 Precision Terrain Corrected Registered At-Sensor Radiance. Version~3},
    author = {{NASA LP DAAC}},
    organization = {\href{https://lpdaac.usgs.gov}{NASA EOSDIS Land Processes DAAC, USGS Earth Resources Observation and Science (EROS) Center}},
    address = {Sioux Falls, South Dakota},
    year = {2015},
    url = {http://dx.doi.org/10.5067/ASTER/AST_L1T.003},
    urldate = {2018-07-21},
}

@article{Bertoldi:2011-ASTER,
	author = {Bertoldi, Walter and Drake, Nick A. and Gurnell, Angela M.},
	doi = {10.1002/esp.2166},
	journaltitle = {Earth Surface Processes and Landforms},
	number = {11},
	pages = {1474-1486},
	title = {{Interactions between river flows and colonizing vegetation on a braided river: Exploring spatial and temporal dynamics in riparian vegetation cover using satellite data}},
	volume = {36},
	year = {2011},
}

@article{Henshaw:2013-LandSat,
	author = {Henshaw, Alexander J. and Gurnell, Angela M. and Bertoldi, Walter and Drake, Nick A.},
	doi = {10.1016/j.geomorph.2013.01.011},
	journal = {Geomorphology},
	pages = {74--85},
	publisher = {Elsevier B.V.},
	title = {{An assessment of the degree to which Landsat~TM data can support the assessment of fluvial dynamics, as revealed by changes in vegetation extent and channel position, along a large river}},
	volume = {202},
	year = {2013},
}

@article{Bertoldi:2009-2m,
	author = {Bertoldi, Walter and Gurnell, Angela M. and Surian, Nicola and Tockner, Klement and Zanoni, Luca and Ziliani, Luca and Zolezzi, Guido},
	doi = {10.1002/rra.1233},
	journaltitle = {River Research and Applications},
	pages = {501--516},
	title = {{Understanding reference processes: linkages between river flows, sediment dynamics and vegetated landforms along the Tagliamento river, italy}},
	volume = {25},
	year = {2009},
}


